<?xml version="1.0" encoding="UTF-8" ?><marc:collection xmlns:marc="http://www.loc.gov/MARC21/slim" xmlns:xsi="http://www.w3.org/2001/XMLSchema-instance" xsi:schemaLocation="http://www.loc.gov/MARC21/slim http://www.loc.gov/standards/marcxml/schema/MARC21slim.xsd">
<marc:record><marc:leader>01663cpc a2200325Ia 4500</marc:leader>
<marc:controlfield tag="001">002137114</marc:controlfield>
<marc:controlfield tag="003">OCoLC</marc:controlfield><marc:controlfield tag="005">20090722161145.0</marc:controlfield><marc:controlfield tag="008">960712i18571863vp                  eng d</marc:controlfield><marc:datafield tag="035" ind1=" " ind2=" "><marc:subfield code="a">35070864</marc:subfield></marc:datafield><marc:datafield tag="040" ind1=" " ind2=" "><marc:subfield code="a">NDK</marc:subfield><marc:subfield code="c">NDK</marc:subfield></marc:datafield><marc:datafield tag="049" ind1=" " ind2=" "><marc:subfield code="a">NDNX</marc:subfield></marc:datafield><marc:datafield tag="096" ind1=" " ind2=" "><marc:subfield code="a">x</marc:subfield></marc:datafield><marc:datafield tag="100" ind1="1" ind2=" "><marc:subfield code="a">Forwood, W. Stump</marc:subfield><marc:subfield code="q">(William Stump),</marc:subfield><marc:subfield code="d">1830-1892.</marc:subfield></marc:datafield><marc:datafield tag="245" ind1="1" ind2="0"><marc:subfield code="a">Papers,</marc:subfield><marc:subfield code="f">1857-1863.</marc:subfield></marc:datafield><marc:datafield tag="300" ind1=" " ind2=" "><marc:subfield code="a">71</marc:subfield><marc:subfield code="f">items.</marc:subfield></marc:datafield><marc:datafield tag="520" ind1="8" ind2=" "><marc:subfield code="a">ALS. This body of correspondence, almost exclusively letters to Forwood and written immediately before and during the early part of the Civil War, relates to questions of race, e.g. &quot;the Negro problem&quot;, intermarriage and consanguinity. The mechanics of editing and publishing a medical journal also form a topic of discussion. Principal correspondents are Samuel Worcester Butler and Washington Chew Van Bibber. Other correspondents are Sylvester David Willard, John H. Van Evrie, J. P. Evans, Joseph Leidy, S. M. Bemiss, James A. Bayard, and Samuel A. Cartwright.</marc:subfield></marc:datafield><marc:datafield tag="545" ind1=" " ind2=" "><marc:subfield code="a">Maryland physician and ethnologist.</marc:subfield></marc:datafield><marc:datafield tag="650" ind1=" " ind2="2"><marc:subfield code="a">African Americans.</marc:subfield></marc:datafield><marc:datafield tag="650" ind1=" " ind2="2"><marc:subfield code="a">African Continental Ancestry Group</marc:subfield><marc:subfield code="x">history</marc:subfield><marc:subfield code="z">United States.</marc:subfield></marc:datafield><marc:datafield tag="650" ind1=" " ind2="2"><marc:subfield code="a">American Civil War.</marc:subfield></marc:datafield><marc:datafield tag="700" ind1="1" ind2=" "><marc:subfield code="a">Butler, Samuel Worcester,</marc:subfield><marc:subfield code="d">1823-1874.</marc:subfield></marc:datafield><marc:datafield tag="700" ind1="1" ind2=" "><marc:subfield code="a">Van Bibber, Washington Chew,</marc:subfield><marc:subfield code="d">1824-1892.</marc:subfield></marc:datafield><marc:datafield tag="700" ind1="1" ind2=" "><marc:subfield code="a">Willard, Sylvester David,</marc:subfield><marc:subfield code="d">1825-1865.</marc:subfield></marc:datafield><marc:datafield tag="700" ind1="1" ind2=" "><marc:subfield code="a">Van Evrie, John H.,</marc:subfield><marc:subfield code="d">1814-1896.</marc:subfield></marc:datafield><marc:datafield tag="700" ind1="1" ind2=" "><marc:subfield code="a">Leidy, Joseph,</marc:subfield><marc:subfield code="d">1823-1891.</marc:subfield></marc:datafield><marc:datafield tag="700" ind1="1" ind2=" "><marc:subfield code="a">Bemiss, S. M.</marc:subfield><marc:subfield code="q">(Samuel Merrifield),</marc:subfield><marc:subfield code="d">1821-1884.</marc:subfield></marc:datafield><marc:datafield tag="700" ind1="1" ind2="2"><marc:subfield code="a">Bayard, James A.</marc:subfield><marc:subfield code="q">(James Asheton),</marc:subfield><marc:subfield code="d">1799-1880.</marc:subfield></marc:datafield><marc:datafield tag="700" ind1="1" ind2=" "><marc:subfield code="a">Cartwright, Samuel A.</marc:subfield><marc:subfield code="q">(Samuel Adolphus),</marc:subfield><marc:subfield code="d">1793-1863.</marc:subfield></marc:datafield><marc:datafield tag="710" ind1="2" ind2=" "><marc:subfield code="a">History of Medicine Collections (Duke University)</marc:subfield></marc:datafield></marc:record>
</marc:collection>
